@article{vaizman2017recognizing,
  title={Recognizing detailed human context in the wild from smartphones and smartwatches},
  author={Vaizman, Yonatan and Ellis, Katherine and Lanckriet, Gert},
  journal={IEEE Pervasive Computing},
  volume={16},
  number={4},
  pages={62--74},
  year={2017},
  publisher={IEEE}
}
