@inproceedings{
}

@misc{hzjken2019char,
  title={Character Network},
  author={Ken Huang},
  journal={GitHub repository},
  year={2019},
  publisher={GitHub},
  howpublished = {\url{https://github.com/hzjken/character-network}},
}

@misc{project2020,
  title={NLP Final},
  author={Ohad Edelstein, Nitzan Katz},
  journal={GitHub repository},
  year={2020},
  publisher={GitHub},
  howpublished = {\url{https://github.com/NKloco/nlp_final}},
}

@misc{projectgutenberg,
  title={Project Gutenberg},
  url={https://www.gutenberg.org/},
  journal={Project Gutenberg},
  howpublished = {\url{https://www.gutenberg.org/}},
}

@misc{spacy,
  title={SpaCy},
  url={https://spacy.io/},
  journal={SpaCy},
  howpublished = {\url{https://spacy.io/}},
}

@misc{ontonotes,
  title={OntoNotes 5.0},
  url={https://catalog.ldc.upenn.edu/LDC2013T19},
  author={BBN Technologies, University of Colorado, University of Pennsylvania and University of Southern Californias Information Sciences Institute},
  journal={OntoNotes},
  howpublished = {\url{https://catalog.ldc.upenn.edu/LDC2013T19}},
}